<record xmlns="http://www.loc.gov/MARC21/slim" xmlns:xsi="http://www.w3.org/2001/XMLSchema-instance" xsi:schemaLocation="http://www.loc.gov/MARC21/slim http://www.loc.gov/standards/marcxml/schema/MARC21slim.xsd"><leader>00037nz   2200037n  4500</leader><controlfield tag="001">DNB|100660762</controlfield><controlfield tag="003">DNB</controlfield><controlfield tag="005">20080405162644.0</controlfield><controlfield tag="008">900616n||aznnnabbn           | aaa    |c</controlfield><datafield ind1=" " ind2=" " tag="035"><subfield code="a">(DE-101)100660762</subfield></datafield><datafield ind1=" " ind2=" " tag="035"><subfield code="a">(DE-588a)100660762</subfield></datafield><datafield ind1=" " ind2=" " tag="040"><subfield code="a">DE-12</subfield><subfield code="b">ger</subfield><subfield code="c">DE-101</subfield><subfield code="e">rakwb</subfield><subfield code="d">9999</subfield></datafield><datafield ind1=" " ind2=" " tag="079"><subfield code="a">p</subfield><subfield code="q">f</subfield><subfield code="q">p</subfield><subfield code="t">12</subfield><subfield code="t">12-PAN</subfield></datafield><datafield ind1="0" ind2=" " tag="100"><subfield code="a">Vespa</subfield><subfield code="d">2./4. Jh. n. Chr.</subfield></datafield><datafield ind1="0" ind2=" " tag="400"><subfield code="a">Vespa</subfield><subfield code="c">Verfasser von Streitgedichten</subfield><subfield code="d">2./4. Jh. n. Chr.</subfield></datafield><datafield ind1="0" ind2=" " tag="400"><subfield code="a">Vespa</subfield><subfield code="c">Dichter</subfield><subfield code="d">2./4. Jh. n. Chr.</subfield></datafield><datafield ind1=" " ind2=" " tag="549"><subfield code="w">i</subfield><subfield code="i">Lebensdaten</subfield><subfield code="a">2./4. Jh. n. Chr.</subfield></datafield><datafield ind1=" " ind2=" " tag="678"><subfield code="a">Iudicium coci et pistoris</subfield></datafield><datafield ind1=" " ind2=" " tag="692"><subfield code="a">Vespa: Vespae iudicium coci et pistoris iudice vulcano. - 1780</subfield></datafield><datafield ind1=" " ind2=" " tag="910"><subfield code="a">vespae iudicium coci et pistoris iudice vulcano</subfield><subfield code="9">1</subfield></datafield><datafield ind1=" " ind2=" " tag="943"><subfield code="a">178x</subfield><subfield code="9">1</subfield></datafield><datafield ind1=" " ind2=" " tag="996"><subfield code="2">BNF|12030627</subfield></datafield><datafield ind1=" " ind2=" " tag="996"><subfield code="2">ICCU|RAVV079685</subfield></datafield><datafield ind1=" " ind2=" " tag="997"><subfield code="a">100 300 flourished</subfield><subfield code="9">1</subfield></datafield><datafield ind1=" " ind2=" " tag="998"><subfield code="a">Vespa,</subfield><subfield code="d">sec. III?</subfield><subfield code="2">BAV|ADV11213771</subfield><subfield code="3">title: (0.92, " vespae iudicium coci et pistoris ", " vespae iudicium coci et pistoris iudice vulcano ")</subfield></datafield></record>